<?xml version="1.0" encoding="UTF-8"?>
  <record xmlns="http://www.loc.gov/MARC21/slim" type="Authority">
    <leader>00000nz  a2200000nc 4500</leader>
    <controlfield tag="001">101509758</controlfield>
    <controlfield tag="003">DE-101</controlfield>
    <controlfield tag="005">20160902160050.0</controlfield>
    <controlfield tag="008">920622n||aznnnaabn           | aaa    |c</controlfield>
    <datafield tag="024" ind1="7" ind2=" ">
      <subfield code="a">101509758</subfield>
      <subfield code="0">http://d-nb.info/gnd/101509758</subfield>
      <subfield code="2">gnd</subfield>
    </datafield>
    <datafield tag="035" ind1=" " ind2=" ">
      <subfield code="a">(DE-101)101509758</subfield>
    </datafield>
    <datafield tag="035" ind1=" " ind2=" ">
      <subfield code="a">(DE-588)101509758</subfield>
    </datafield>
    <datafield tag="035" ind1=" " ind2=" ">
      <subfield code="z">(DE-588a)101509758</subfield>
      <subfield code="9">v:zg</subfield>
    </datafield>
    <datafield tag="040" ind1=" " ind2=" ">
      <subfield code="a">DE-7</subfield>
      <subfield code="c">DE-7</subfield>
      <subfield code="9">r:DE-601</subfield>
      <subfield code="b">ger</subfield>
      <subfield code="d">9999</subfield>
    </datafield>
    <datafield tag="042" ind1=" " ind2=" ">
      <subfield code="a">gnd1</subfield>
    </datafield>
    <datafield tag="043" ind1=" " ind2=" ">
      <subfield code="c">XA-DE</subfield>
    </datafield>
    <datafield tag="075" ind1=" " ind2=" ">
      <subfield code="b">p</subfield>
      <subfield code="2">gndgen</subfield>
    </datafield>
    <datafield tag="075" ind1=" " ind2=" ">
      <subfield code="b">piz</subfield>
      <subfield code="2">gndspec</subfield>
    </datafield>
    <datafield tag="079" ind1=" " ind2=" ">
      <subfield code="a">g</subfield>
      <subfield code="q">a</subfield>
      <subfield code="q">f</subfield>
      <subfield code="q">z</subfield>
      <subfield code="u">k</subfield>
      <subfield code="u">v</subfield>
      <subfield code="u">o</subfield>
    </datafield>
    <datafield tag="100" ind1="0" ind2=" ">
      <subfield code="a">Karl Leopold</subfield>
      <subfield code="c">Mecklenburg-Schwerin, Herzog</subfield>
      <subfield code="d">1678-1747</subfield>
    </datafield>
    <datafield tag="375" ind1=" " ind2=" ">
      <subfield code="a">1</subfield>
      <subfield code="2">iso5218</subfield>
    </datafield>
    <datafield tag="400" ind1="0" ind2=" ">
      <subfield code="a">Carl Leopold</subfield>
      <subfield code="c">Mecklenburg, Herzog</subfield>
      <subfield code="d">1678-1747</subfield>
    </datafield>
    <datafield tag="400" ind1="0" ind2=" ">
      <subfield code="a">Carl Leopold</subfield>
      <subfield code="d">1678-1747</subfield>
    </datafield>
    <datafield tag="400" ind1="0" ind2=" ">
      <subfield code="a">Carolus Leopoldus</subfield>
      <subfield code="c">Mecklenburg, Duce</subfield>
      <subfield code="d">1678-1747</subfield>
    </datafield>
    <datafield tag="400" ind1="0" ind2=" ">
      <subfield code="a">Carolus Leopoldus</subfield>
      <subfield code="c">Meclenburg, Dux</subfield>
      <subfield code="d">1678-1747</subfield>
    </datafield>
    <datafield tag="500" ind1="0" ind2=" ">
      <subfield code="0">(DE-101)123282659</subfield>
      <subfield code="0">(DE-588)123282659</subfield>
      <subfield code="0">https://d-nb.info/gnd/123282659</subfield>
      <subfield code="a">Friedrich</subfield>
      <subfield code="b">I.</subfield>
      <subfield code="c">Mecklenburg-Schwerin, Herzog</subfield>
      <subfield code="d">1638-1688</subfield>
      <subfield code="4">bezf</subfield>
      <subfield code="4">https://d-nb.info/standards/elementset/gnd#familialRelationship</subfield>
      <subfield code="w">r</subfield>
      <subfield code="i">Beziehung familiaer</subfield>
      <subfield code="e">Beziehung familiaer</subfield>
      <subfield code="9">v:Vater</subfield>
    </datafield>
    <datafield tag="500" ind1="0" ind2=" ">
      <subfield code="0">(DE-101)102111898</subfield>
      <subfield code="0">(DE-588)102111898</subfield>
      <subfield code="0">https://d-nb.info/gnd/102111898</subfield>
      <subfield code="a">Friedrich Wilhelm</subfield>
      <subfield code="c">Mecklenburg-Schwerin, Herzog</subfield>
      <subfield code="d">1675-1713</subfield>
      <subfield code="4">bezf</subfield>
      <subfield code="4">https://d-nb.info/standards/elementset/gnd#familialRelationship</subfield>
      <subfield code="w">r</subfield>
      <subfield code="i">Beziehung familiaer</subfield>
      <subfield code="e">Beziehung familiaer</subfield>
      <subfield code="9">v:Bruder</subfield>
    </datafield>
    <datafield tag="500" ind1="0" ind2=" ">
      <subfield code="0">(DE-101)102111847</subfield>
      <subfield code="0">(DE-588)102111847</subfield>
      <subfield code="0">https://d-nb.info/gnd/102111847</subfield>
      <subfield code="a">Christian Ludwig</subfield>
      <subfield code="b">II.</subfield>
      <subfield code="c">Mecklenburg-Schwerin, Herzog</subfield>
      <subfield code="d">1683-1756</subfield>
      <subfield code="4">bezf</subfield>
      <subfield code="4">https://d-nb.info/standards/elementset/gnd#familialRelationship</subfield>
      <subfield code="w">r</subfield>
      <subfield code="i">Beziehung familiaer</subfield>
      <subfield code="e">Beziehung familiaer</subfield>
      <subfield code="9">v:Bruder</subfield>
    </datafield>
    <datafield tag="500" ind1="0" ind2=" ">
      <subfield code="0">(DE-101)141996285</subfield>
      <subfield code="0">(DE-588)141996285</subfield>
      <subfield code="0">https://d-nb.info/gnd/141996285</subfield>
      <subfield code="a">Sophie Luise</subfield>
      <subfield code="c">Preußen, Königin</subfield>
      <subfield code="d">1685-1735</subfield>
      <subfield code="4">bezf</subfield>
      <subfield code="4">https://d-nb.info/standards/elementset/gnd#familialRelationship</subfield>
      <subfield code="w">r</subfield>
      <subfield code="i">Beziehung familiaer</subfield>
      <subfield code="e">Beziehung familiaer</subfield>
      <subfield code="9">v:Schwester</subfield>
    </datafield>
    <datafield tag="500" ind1="0" ind2=" ">
      <subfield code="0">(DE-101)118649515</subfield>
      <subfield code="0">(DE-588)118649515</subfield>
      <subfield code="0">https://d-nb.info/gnd/118649515</subfield>
      <subfield code="a">Anna</subfield>
      <subfield code="c">Russland, Regentin</subfield>
      <subfield code="d">1718-1746</subfield>
      <subfield code="4">bezf</subfield>
      <subfield code="4">https://d-nb.info/standards/elementset/gnd#familialRelationship</subfield>
      <subfield code="w">r</subfield>
      <subfield code="i">Beziehung familiaer</subfield>
      <subfield code="e">Beziehung familiaer</subfield>
      <subfield code="9">v:Tochter</subfield>
    </datafield>
    <datafield tag="548" ind1=" " ind2=" ">
      <subfield code="a">1678-1747</subfield>
      <subfield code="4">datl</subfield>
      <subfield code="4">https://d-nb.info/standards/elementset/gnd#dateOfBirthAndDeath</subfield>
      <subfield code="w">r</subfield>
      <subfield code="i">Lebensdaten</subfield>
    </datafield>
    <datafield tag="548" ind1=" " ind2=" ">
      <subfield code="a">26.11.1678-28.11.1747</subfield>
      <subfield code="4">datx</subfield>
      <subfield code="4">https://d-nb.info/standards/elementset/gnd#dateOfBirthAndDeath</subfield>
      <subfield code="w">r</subfield>
      <subfield code="i">Exakte Lebensdaten</subfield>
    </datafield>
    <datafield tag="551" ind1=" " ind2=" ">
      <subfield code="0">(DE-101)040867730</subfield>
      <subfield code="0">(DE-588)4086773-0</subfield>
      <subfield code="0">https://d-nb.info/gnd/4086773-0</subfield>
      <subfield code="a">Grabow</subfield>
      <subfield code="4">ortg</subfield>
      <subfield code="4">https://d-nb.info/standards/elementset/gnd#placeOfBirth</subfield>
      <subfield code="w">r</subfield>
      <subfield code="i">Geburtsort</subfield>
    </datafield>
    <datafield tag="551" ind1=" " ind2=" ">
      <subfield code="0">(DE-101)942716736</subfield>
      <subfield code="0">(DE-588)4356019-2</subfield>
      <subfield code="0">https://d-nb.info/gnd/4356019-2</subfield>
      <subfield code="a">Dömitz</subfield>
      <subfield code="4">orts</subfield>
      <subfield code="4">https://d-nb.info/standards/elementset/gnd#placeOfDeath</subfield>
      <subfield code="w">r</subfield>
      <subfield code="i">Sterbeort</subfield>
    </datafield>
    <datafield tag="667" ind1=" " ind2=" ">
      <subfield code="a">7</subfield>
    </datafield>
    <datafield tag="667" ind1=" " ind2=" ">
      <subfield code="a">3</subfield>
    </datafield>
    <datafield tag="667" ind1=" " ind2=" ">
      <subfield code="a">VD-18</subfield>
    </datafield>
    <datafield tag="670" ind1=" " ind2=" ">
      <subfield code="a">Europ. Stammtafeln Bd. 1,123</subfield>
    </datafield>
    <datafield tag="672" ind1=" " ind2="0">
      <subfield code="a">Karl Leopold &lt;Mecklenburg-Schwerin, Herzog&gt;: Schreiben an Ihro Maj. dem Kayser. Dat. Berl*. - 1733</subfield>
    </datafield>
    <datafield tag="672" ind1=" " ind2="0">
      <subfield code="a">Karl Leopold &lt;Mecklenburg-Schwerin, Herzog&gt;: Erneurt- u. geschärfftes Duel-Edict, wider d*</subfield>
    </datafield>
    <datafield tag="672" ind1=" " ind2="0">
      <subfield code="a">Karl Leopold &lt;Mecklenburg-Schwerin, Herzog&gt;: Verordnung, betr. die Nebenfuhren in der Sta*</subfield>
    </datafield>
    <datafield tag="672" ind1=" " ind2="0">
      <subfield code="a">Karl Leopold &lt;Mecklenburg-Schwerin, Herzog&gt;: Dienst- Fuhr- u. a. Ordnungen wie es in dem *. - s.a.</subfield>
    </datafield>
    <datafield tag="913" ind1=" " ind2=" ">
      <subfield code="S">pnd</subfield>
      <subfield code="i">5</subfield>
      <subfield code="a">Karl Leopold &lt;Mecklenburg-Schwerin, Herzog&gt;</subfield>
      <subfield code="0">(DE-588a)101509758</subfield>
    </datafield>
  </record>
